@article{hongandleung,
	author={K. S. Hong and J. Y. T. Leung},
	journal={IEEE Transactions on Computers},
	title={On-line scheduling of real-time tasks},
	year={1992},
	volume={41},
	number={10},
	pages={1326-1331},
	keywords={multiprocessing systems;real-time systems;scheduling;online scheduling;real-time tasks;Computer science;Instruments;Lungs;Multiprocessing systems;Processor scheduling;Real time systems;Scheduling algorithm},
	doi={10.1109/12.166609},
	ISSN={0018-9340},
	month={Oct},
}

@article{HIPPEROS,
	author={Antonio Paolillo, Olivier Desenfans, Vladimir Svoboda, Joël Goossens, Ben Rodriguez},
	journal={PARTS Research Center},
	title={A New Configurable and Parallel Embedded Real-time Micro-Kernel for Multi-core platforms},
	year={2015},
	month={June},
	keywords={HIPPEROS, multiprocessing systems;real-time systems;scheduling;online scheduling;real-time tasks;Computer science;Instruments;Lungs;Multiprocessing systems;Processor scheduling;Real time systems;Scheduling algorithm},
	url={https://people.mpi-sws.org/~bbb/events/ospert15/pdf/ospert15-p25.pdf}
}

@article{HIPPEROSPRES,
	author={Joël Goossens},
	journal={White paper},
	title={You need an RTOS!},
	year={2015},
	month={June},
	keywords={HIPPEROS, multiprocessing systems;real-time systems;scheduling;online scheduling;real-time tasks;Computer science;Instruments;Lungs;Multiprocessing systems;Processor scheduling;Real time systems;Scheduling algorithm},
	url={http://hipperos.com/files/whitepapers/WP1.pdf}
}

